@Book{xie2015,
  title = {Dynamic Documents with {R} and knitr},
  author = {Yihui Xie},
  publisher = {Chapman and Hall/CRC},
  address = {Boca Raton, Florida},
  year = {2015},
  edition = {2nd},
  note = {ISBN 978-1498716963},
  url = {http://yihui.name/knitr/},
}

@Book{ pos-nidditch,
author = { Nidditch, P. H },
title = { The philosophy of science; edited by P. H. Nidditch },
isbn = { 019875008 },
publisher = { Oxford U.P London },
year = { 1968 },
}

@Book{ hempel-pos,
author = { Hempel, Carl G. },
title = { Philosophy of natural science},
publisher = { Prentice-Hall Englewood Cliffs, N.J },
pages = { ix, 116 p. ; },
year = { 1966 },
type = { Book },
language = { English },
subjects = { Science -- Philosophy. },
life-dates = { 1966 -  },
catalogue-url = { https://nla.gov.au/nla.cat-vn523883 },
}


@book{johansson2016philosophy,
  title={Philosophy of science for scientists},
  author={Johansson, Lars-G and others},
  year={2016},
  publisher={Springer}
}

@book{russell2001problems,
  title={The problems of philosophy},
  author={Russell, Bertrand},
  year={1912},
}

@book{okasha-pos,
  title={Philosophy of science: very short introduction},
  author={Okasha, Samir},
  year={2016},
  publisher={Oxford University Press}
}

@book{book-of-why,
author = {Pearl, Judea and Mackenzie, Dana},
title = {The Book of Why: The New Science of Cause and Effect},
year = {2018},
isbn = {046509760X},
publisher = {Basic Books, Inc.},
address = {USA},
edition = {1st},
}

@inproceedings{bergadano1991problem,
  title={The Problem of Induction and Machine Learning.},
  author={Bergadano, Francesco},
  booktitle={IJCAI},
  year={1991}
}

@InCollection{sep-induction-problem,
	author       =	{Henderson, Leah},
	title        =	{{The Problem of Induction}},
	booktitle    =	{The {Stanford} Encyclopedia of Philosophy},
	editor       =	{Edward N. Zalta},
	howpublished =	{\url{https://plato.stanford.edu/archives/spr2020/entries/induction-problem/}},
	year         =	{2020},
	edition      =	{{S}pring 2020},
	publisher    =	{Metaphysics Research Lab, Stanford University}
}



@InCollection{sep-abduction,
	author       =	{Douven, Igor},
	title        =	{{Abduction}},
	booktitle    =	{The {Stanford} Encyclopedia of Philosophy},
	editor       =	{Edward N. Zalta},
	howpublished =	{\url{https://plato.stanford.edu/archives/sum2021/entries/abduction/}},
	year         =	{2021},
	edition      =	{{S}ummer 2021},
	publisher    =	{Metaphysics Research Lab, Stanford University}
}

@InCollection{sep-popper,
	author       =	{Thornton, Stephen},
	title        =	{{Karl Popper}},
	booktitle    =	{The {Stanford} Encyclopedia of Philosophy},
	editor       =	{Edward N. Zalta},
	howpublished =	{\url{https://plato.stanford.edu/archives/spr2021/entries/popper/}},
	year         =	{2021},
	edition      =	{{S}pring 2021},
	publisher    =	{Metaphysics Research Lab, Stanford University}
}

@InCollection{sep-pseudo-science,
	author       =	{Hansson, Sven Ove},
	title        =	{{Science and Pseudo-Science}},
	booktitle    =	{The {Stanford} Encyclopedia of Philosophy},
	editor       =	{Edward N. Zalta},
	howpublished =	{\url{https://plato.stanford.edu/archives/sum2021/entries/pseudo-science/}},
	year         =	{2021},
	edition      =	{{S}ummer 2021},
	publisher    =	{Metaphysics Research Lab, Stanford University}
}

@InCollection{sep-morality-definition,
	author       =	{Gert, Bernard and Gert, Joshua},
	title        =	{{The Definition of Morality}},
	booktitle    =	{The {Stanford} Encyclopedia of Philosophy},
	editor       =	{Edward N. Zalta},
	howpublished =	{\url{https://plato.stanford.edu/archives/fall2020/entries/morality-definition/}},
	year         =	{2020},
	edition      =	{{F}all 2020},
	publisher    =	{Metaphysics Research Lab, Stanford University}
}

@InCollection{sep-feminism-ethics,
	author       =	{Norlock, Kathryn},
	title        =	{{Feminist Ethics}},
	booktitle    =	{The {Stanford} Encyclopedia of Philosophy},
	editor       =	{Edward N. Zalta},
	howpublished =	{\url{https://plato.stanford.edu/archives/sum2019/entries/feminism-ethics/}},
	year         =	{2019},
	edition      =	{{S}ummer 2019},
	publisher    =	{Metaphysics Research Lab, Stanford University}
}


@article{diez1997fundamentos,
  title={Fundamentos de filosof{\'\i}a de la ciencia},
  author={D{\'\i}ez, Jos{\'e} A and Moulines, Carles Ulises},
  year={1997}
}

@article{phlogiston,
 ISSN = {00070882, 14643537},
 URL = {http://www.jstor.org/stable/686862},
 author = {Adolf Gr√ºnbaum},
 journal = {The British Journal for the Philosophy of Science},
 number = {4},
 pages = {329--362},
 publisher = {[Oxford University Press, The British Society for the Philosophy of Science]},
 title = {Ad Hoc Auxiliary Hypotheses and Falsificationism},
 volume = {27},
 year = {1976}
}

@article{jun2016frequentist,
  title={Frequentist and Bayesian Learning Approaches to Artificial Intelligence},
  author={Jun, Sunghae},
  journal={International Journal of Fuzzy Logic and Intelligent Systems},
  volume={16},
  number={2},
  pages={111--118},
  year={2016},
  publisher={Korean Institute of Intelligent Systems}
}

@article{orloffcomparison,
  title={Comparison of frequentist and Bayesian inference. Class 20, 18.05, Spring 2014},
  author={Orloff, Jeremy and Bloom, Jonathan},
  year={2014}
}


@article{grune2014teaching,
  title={Teaching philosophy of science to scientists: why, what and how},
  author={Gr{\"u}ne-Yanoff, Till},
  journal={European Journal for Philosophy of Science},
  volume={4},
  number={1},
  pages={115--134},
  year={2014},
  publisher={Springer}
}

@book{hume1739treatise,
  title={A Treatise Upon Human Nature},
  author={Hume, David},
  year={1739},
  publisher={Oxford University Press},
  address={Oxford}
}

@book{rosenberg2019philosophy,
  title={Philosophy of science: A contemporary introduction},
  author={Rosenberg, Alex and McIntyre, Lee},
  year={2019},
  publisher={Routledge}
}


@book{cairo2019charts,
  title={How charts lie: Getting smarter about visual information},
  author={Cairo, Alberto},
  year={2019},
  publisher={WW Norton \& Company}
}



@book{loukides2018ethics,
  title={Ethics and data science},
  author={Loukides, Mike and Mason, Hilary and Patil, DJ},
  year={2018},
  publisher={O'Reilly Media}
}

@book{eubanks2018automating,
  title={Automating inequality: How high-tech tools profile, police, and punish the poor},
  author={Eubanks, Virginia},
  year={2018},
  publisher={St. Martin's Press}
}




@misc{fischer_2020, title={The necessitiy Of Non-epistemic values in machine learning modelling}, url={https://simonfischer.me/the-necessity-of-non-epistemic-values-in-machine-learning-modelling/}, journal={online and offline (being either connected or disconnected)}, author={Fischer, Simon}, year={2020}, month={Oct}}


@article{vega2021hume,
  title={From Hume to Wuhan: an epistemological journey on the problem of induction in COVID-19 machine learning models and its impact upon medical research},
  author={Vega, Carlos},
  journal={IEEE Access},
  volume={9},
  pages={97243--97250},
  year={2021},
  publisher={IEEE},
  doi={https://doi.org/10.1109/ACCESS.2021.3095222}
}

@book{deville2014plague,
  title={Plague and cholera},
  author={Deville, Patrick},
  year={2014},
  publisher={Hachette UK}
}


@article{dotan2020theory,
  title={Theory choice, non-epistemic values, and machine learning},
  author={Dotan, Ravit},
  journal={Synthese},
  pages={1--21},
  year={2020},
  publisher={Springer}
}
